@article{董文鸳2011我国谷歌学术搜索研究综述,
    title   = {我国谷歌学术搜索研究综述},
    author  = {董文鸳},
    journal = {新世纪图书馆},
    number  = {9},
    pages   = {43--45},
    year    = {2011},
    langid = {chinese},
}

@article{kucera2020prostate,
  title={Prostate cancer management: long-term beliefs, epidemic developments in the early twenty-first century and 3PM dimensional solutions},
  author={Kucera, Radek and Pecen, Ladislav and Topolcan, Ondrej and Dahal, Anshu Raj and Costigliola, Vincenzo and Giordano, Frank A and Golubnitschaja, Olga},
  journal={EPMA Journal},
  volume={11},
  number={3},
  pages={399--418},
  year={2020},
  publisher={Springer},
  langid = {american}
}

@article{sevastre2022intracellular,
    title     = {Intracellular Pathways and Mechanisms of Colored Secondary Metabolites in Cancer Therapy},
    author    = {Sevastre, Ani-Simona and Manea, Elena Victoria and Popescu, Oana Stefana and Tache, Daniela Elise and Danoiu, Suzana and Sfredel, Veronica and Tataranu, Ligia Gabriela and Dricu, Anica},
    journal   = {International Journal of Molecular Sciences},
    volume    = {23},
    number    = {17},
    pages     = {9943},
    year      = {2022},
    publisher = {MDPI},
    langid = {american}
}